[{"tid":5597411,"date":1580680462,"type":"buy","price":40320,"amount":0.05712},{"tid":5597412,"date":1580680462,"type":"buy","price":40334.77,"amount":0.0119308},{"tid":5597413,"date":1580680462,"type":"buy","price":40335,"amount":0.07},{"tid":5597414,"date":1580680462,"type":"buy","price":40335,"amount":0.0202391},{"tid":5597415,"date":1580680462,"type":"buy","price":40336.31,"amount":0.00145004},{"tid":5597416,"date":1580680462,"type":"buy","price":40336.87,"amount":0.17505635},{"tid":5597417,"date":1580680462,"type":"buy","price":40337.58,"amount":0.00251244},{"tid":5597418,"date":1580680462,"type":"buy","price":40337.9596,"amount":0.03604455},{"tid":5597419,"date":1580680462,"type":"buy","price":40339.63,"amount":0.00514337},{"tid":5597420,"date":1580680462,"type":"buy","price":40340,"amount":0.004985},{"tid":5597421,"date":1580680462,"type":"buy","price":40340,"amount":0.00816158},{"tid":5597422,"date":1580680462,"type":"buy","price":40349.99,"amount":0.00127063},{"tid":5597423,"date":1580680462,"type":"buy","price":40350,"amount":0.02958797},{"tid":5597424,"date":1580680462,"type":"buy","price":40350,"amount":0.00300841},{"tid":5597425,"date":1580680462,"type":"buy","price":40350,"amount":0.00291032},{"tid":5597426,"date":1580680462,"type":"buy","price":40350,"amount":0.0024925},{"tid":5597427,"date":1580680462,"type":"buy","price":40350,"amount":0.84332464},{"tid":5597428,"date":1580680462,"type":"buy","price":40389.75154,"amount":0.23428957},{"tid":5597429,"date":1580680462,"type":"buy","price":40400,"amount":0.06254009},{"tid":5597430,"date":1580680462,"type":"buy","price":40400,"amount":0.025104},{"tid":5597431,"date":1580680462,"type":"buy","price":40400,"amount":0.3},{"tid":5597432,"date":1580680462,"type":"buy","price":40400,"amount":0.01311055},{"tid":5597433,"date":1580680462,"type":"buy","price":40400,"amount":0.005},{"tid":5597434,"date":1580680462,"type":"buy","price":40400,"amount":0.00112457},{"tid":5597435,"date":1580680462,"type":"buy","price":40400,"amount":0.35823515},{"tid":5597436,"date":1580680462,"type":"buy","price":40418.46,"amount":0.00456585},{"tid":5597437,"date":1580680462,"type":"buy","price":40429.41,"amount":0.078763},{"tid":5597438,"date":1580680462,"type":"buy","price":40429.41,"amount":0.05205896},{"tid":5597439,"date":1580680462,"type":"buy","price":40435,"amount":0.24913136},{"tid":5597440,"date":1580680462,"type":"buy","price":40440.13,"amount":0.03567891},{"tid":5597441,"date":1580680462,"type":"buy","price":40447,"amount":0.01},{"tid":5597442,"date":1580680462,"type":"buy","price":40450,"amount":0.00608713},{"tid":5597443,"date":1580680462,"type":"buy","price":40457.47948,"amount":0.34242322},{"tid":5597444,"date":1580680462,"type":"buy","price":40458,"amount":0.00178777},{"tid":5597445,"date":1580680462,"type":"buy","price":40459.72,"amount":0.03520407},{"tid":5597446,"date":1580680462,"type":"buy","price":40459.73,"amount":0.004985},{"tid":5597447,"date":1580680462,"type":"buy","price":40469,"amount":0.02380674},{"tid":5597448,"date":1580680462,"type":"buy","price":40470,"amount":0.00196387},{"tid":5597449,"date":1580680462,"type":"buy","price":40488.5,"amount":0.2678368},{"tid":5597450,"date":1580680462,"type":"buy","price":40489,"amount":0.61972804},{"tid":5597451,"date":1580680462,"type":"buy","price":40490,"amount":0.03589675},{"tid":5597452,"date":1580680462,"type":"buy","price":40490,"amount":0.1255223},{"tid":5597453,"date":1580680462,"type":"buy","price":40490,"amount":0.07820547},{"tid":5597454,"date":1580680462,"type":"buy","price":40490,"amount":1.40782893},{"tid":5597455,"date":1580680462,"type":"buy","price":40490.9,"amount":0.47394954},{"tid":5597456,"date":1580680462,"type":"buy","price":40495,"amount":0.00199},{"tid":5597457,"date":1580680462,"type":"buy","price":40497,"amount":0.00266},{"tid":5597458,"date":1580680462,"type":"buy","price":40497,"amount":0.0012592},{"tid":5597459,"date":1580680462,"type":"buy","price":40497,"amount":0.015},{"tid":5597460,"date":1580680462,"type":"buy","price":40498.99,"amount":0.01985534},{"tid":5597461,"date":1580680462,"type":"buy","price":40499,"amount":0.0011},{"tid":5597462,"date":1580680462,"type":"buy","price":40499,"amount":0.0792812},{"tid":5597463,"date":1580680462,"type":"buy","price":40499.99,"amount":0.10604166},{"tid":5597464,"date":1580680462,"type":"buy","price":40499.99,"amount":0.1},{"tid":5597465,"date":1580680462,"type":"buy","price":40500,"amount":0.00777383},{"tid":5597466,"date":1580680462,"type":"buy","price":40500,"amount":0.00128335},{"tid":5597467,"date":1580680462,"type":"buy","price":40500,"amount":0.00889356},{"tid":5597468,"date":1580680462,"type":"buy","price":40500,"amount":0.0012448},{"tid":5597469,"date":1580680462,"type":"buy","price":40500,"amount":0.055832},{"tid":5597470,"date":1580680462,"type":"buy","price":40500,"amount":0.0049},{"tid":5597471,"date":1580680462,"type":"buy","price":40500,"amount":0.02650319},{"tid":5597472,"date":1580680462,"type":"buy","price":40500,"amount":0.00131018},{"tid":5597473,"date":1580680462,"type":"buy","price":40500,"amount":0.11088315},{"tid":5597474,"date":1580680462,"type":"buy","price":40500,"amount":0.39963308},{"tid":5597475,"date":1580680462,"type":"buy","price":40500,"amount":0.01855209},{"tid":5597476,"date":1580680462,"type":"buy","price":40500,"amount":0.00814131},{"tid":5597477,"date":1580680462,"type":"buy","price":40500,"amount":0.00469316},{"tid":5597478,"date":1580680462,"type":"buy","price":40500,"amount":0.02667222},{"tid":5597479,"date":1580680462,"type":"buy","price":40500,"amount":0.00489724},{"tid":5597480,"date":1580680462,"type":"buy","price":40500,"amount":0.00498},{"tid":5597481,"date":1580680462,"type":"buy","price":40500,"amount":0.02991},{"tid":5597482,"date":1580680462,"type":"buy","price":40500,"amount":0.05},{"tid":5597483,"date":1580680462,"type":"buy","price":40500,"amount":0.15861275},{"tid":5597484,"date":1580680462,"type":"buy","price":40500,"amount":0.00544442},{"tid":5597485,"date":1580680462,"type":"buy","price":40500,"amount":0.0026919},{"tid":5597486,"date":1580680462,"type":"buy","price":40500,"amount":0.01324682},{"tid":5597487,"date":1580680462,"type":"buy","price":40500,"amount":0.02238157},{"tid":5597488,"date":1580680462,"type":"buy","price":40500,"amount":0.01682642},{"tid":5597489,"date":1580680462,"type":"buy","price":40500.01,"amount":0.08350471},{"tid":5597490,"date":1580680462,"type":"buy","price":40500.12,"amount":0.0025},{"tid":5597491,"date":1580680462,"type":"buy","price":40501.01,"amount":0.34645405},{"tid":5597492,"date":1580680523,"type":"sell","price":40079.17521,"amount":0.0031739},{"tid":5597493,"date":1580680560,"type":"buy","price":40199.98,"amount":0.00318258},{"tid":5597494,"date":1580680600,"type":"buy","price":40199.98,"amount":0.04681742},{"tid":5597495,"date":1580680600,"type":"buy","price":40199.98,"amount":0.00032165},{"tid":5597496,"date":1580680627,"type":"sell","price":40079.24535,"amount":0.04990112},{"tid":5597497,"date":1580680627,"type":"sell","price":40079.24531,"amount":0.00144447},{"tid":5597498,"date":1580680656,"type":"sell","price":40079.27531,"amount":0.0322},{"tid":5597499,"date":1580680726,"type":"sell","price":40080.04001,"amount":0.02750034},{"tid":5597500,"date":1580680767,"type":"sell","price":40090.01001,"amount":0.18513659},{"tid":5597501,"date":1580680767,"type":"sell","price":40090.01,"amount":0.13082341},{"tid":5597502,"date":1580680773,"type":"buy","price":40199.97994,"amount":0.00354401},{"tid":5597503,"date":1580680825,"type":"sell","price":40095,"amount":0.00144},{"tid":5597504,"date":1580680849,"type":"sell","price":40095,"amount":0.08521849},{"tid":5597505,"date":1580680925,"type":"sell","price":40095,"amount":0.03266802},{"tid":5597506,"date":1580680976,"type":"buy","price":40199.97994,"amount":0.00461094},{"tid":5597507,"date":1580680989,"type":"sell","price":40096,"amount":0.00656},{"tid":5597508,"date":1580681007,"type":"buy","price":40199.97994,"amount":0.01805747},{"tid":5597509,"date":1580681117,"type":"sell","price":40096,"amount":0.00858614},{"tid":5597510,"date":1580681117,"type":"sell","price":40095,"amount":0.09196386},{"tid":5597511,"date":1580681156,"type":"sell","price":40095,"amount":0.01493},{"tid":5597512,"date":1580681170,"type":"sell","price":40095,"amount":0.00117},{"tid":5597513,"date":1580681255,"type":"sell","price":40096,"amount":0.0162},{"tid":5597514,"date":1580681327,"type":"buy","price":40199.96993,"amount":0.02361385},{"tid":5597515,"date":1580681327,"type":"buy","price":40199.97,"amount":0.03395904},{"tid":5597516,"date":1580681327,"type":"buy","price":40199.98,"amount":0.00092235},{"tid":5597517,"date":1580681327,"type":"buy","price":40199.98,"amount":0.03447438},{"tid":5597518,"date":1580681327,"type":"buy","price":40449.67182,"amount":0.0619017},{"tid":5597519,"date":1580681327,"type":"sell","price":40096,"amount":0.02884039},{"tid":5597520,"date":1580681398,"type":"buy","price":40449.39177,"amount":0.03508705},{"tid":5597521,"date":1580681420,"type":"sell","price":40096.30048,"amount":0.0031603},{"tid":5597522,"date":1580681451,"type":"buy","price":40449.21029,"amount":0.00315555},{"tid":5597523,"date":1580681451,"type":"buy","price":40449.21036,"amount":0.15209237},{"tid":5597524,"date":1580681451,"type":"buy","price":40449.23038,"amount":0.17333319},{"tid":5597525,"date":1580681495,"type":"sell","price":40099.06509,"amount":0.01257172},{"tid":5597526,"date":1580681525,"type":"sell","price":40105.005,"amount":0.00135144},{"tid":5597527,"date":1580681525,"type":"sell","price":40105.00006,"amount":0.04988759},{"tid":5597528,"date":1580681525,"type":"sell","price":40105.00001,"amount":0.01193492},{"tid":5597529,"date":1580681549,"type":"sell","price":40105.04002,"amount":0.00298495},{"tid":5597530,"date":1580681718,"type":"sell","price":40130.02,"amount":0.00855191},{"tid":5597531,"date":1580681725,"type":"sell","price":40130.04001,"amount":0.00595453},{"tid":5597532,"date":1580681753,"type":"sell","price":40130.10005,"amount":0.03167},{"tid":5597533,"date":1580681930,"type":"sell","price":40148.44022,"amount":0.0082751},{"tid":5597534,"date":1580681935,"type":"buy","price":40447.24881,"amount":0.04981275},{"tid":5597535,"date":1580681935,"type":"buy","price":40447.24888,"amount":0.04814565},{"tid":5597536,"date":1580681956,"type":"sell","price":40148.50034,"amount":0.05010813},{"tid":5597537,"date":1580681956,"type":"sell","price":40148.50033,"amount":0.09107649},{"tid":5597538,"date":1580681956,"type":"sell","price":40148.5003,"amount":0.10769582},{"tid":5597539,"date":1580682206,"type":"sell","price":40148.54003,"amount":0.02133},{"tid":5597540,"date":1580682323,"type":"sell","price":40148.78168,"amount":0.00290014},{"tid":5597541,"date":1580682485,"type":"buy","price":40444.8745,"amount":0.00061812},{"tid":5597542,"date":1580682572,"type":"sell","price":40150.02001,"amount":0.00637},{"tid":5597543,"date":1580682684,"type":"sell","price":40151.16009,"amount":0.00135625},{"tid":5597544,"date":1580682703,"type":"buy","price":40350,"amount":0.00315786},{"tid":5597545,"date":1580682719,"type":"sell","price":40151.16001,"amount":0.00313575},{"tid":5597546,"date":1580682755,"type":"buy","price":40349.7395,"amount":0.00570016},{"tid":5597547,"date":1580682852,"type":"sell","price":40151.16001,"amount":0.06312214},{"tid":5597548,"date":1580682852,"type":"sell","price":40151.16,"amount":0.00250553},{"tid":5597549,"date":1580682852,"type":"sell","price":40151.16,"amount":0.08526233},{"tid":5597550,"date":1580682875,"type":"buy","price":40344.75928,"amount":0.0031434},{"tid":5597551,"date":1580682949,"type":"sell","price":40151.16001,"amount":0.00315382},{"tid":5597552,"date":1580682949,"type":"sell","price":40151.16,"amount":0.00667618},{"tid":5597553,"date":1580683146,"type":"buy","price":40343.47434,"amount":0.00123935},{"tid":5597554,"date":1580683150,"type":"sell","price":40151.16,"amount":0.02527},{"tid":5597555,"date":1580683158,"type":"buy","price":40343.43367,"amount":0.00025828},{"tid":5597556,"date":1580683181,"type":"sell","price":40151.16,"amount":0.00143},{"tid":5597557,"date":1580683210,"type":"sell","price":40151.16,"amount":0.02515},{"tid":5597558,"date":1580683273,"type":"sell","price":40151.16,"amount":0.00621149},{"tid":5597559,"date":1580683273,"type":"sell","price":40151.16,"amount":0.00179596},{"tid":5597560,"date":1580683273,"type":"sell","price":40150,"amount":0.01135466},{"tid":5597561,"date":1580683273,"type":"sell","price":40148.46,"amount":0.00529335},{"tid":5597562,"date":1580683273,"type":"sell","price":40120,"amount":0.002004},{"tid":5597563,"date":1580683273,"type":"sell","price":40100,"amount":0.0021},{"tid":5597564,"date":1580683273,"type":"sell","price":40100,"amount":0.00351695},{"tid":5597565,"date":1580683273,"type":"sell","price":40096.5,"amount":0.02703536},{"tid":5597566,"date":1580683289,"type":"sell","price":40096.5,"amount":0.00111767},{"tid":5597567,"date":1580683411,"type":"sell","price":40096.5,"amount":0.02469921},{"tid":5597568,"date":1580683411,"type":"sell","price":40096,"amount":0.001},{"tid":5597569,"date":1580683411,"type":"sell","price":40095.99,"amount":0.01999476},{"tid":5597570,"date":1580683411,"type":"sell","price":40081,"amount":0.0015},{"tid":5597571,"date":1580683411,"type":"sell","price":40080.99,"amount":0.002142},{"tid":5597572,"date":1580683411,"type":"sell","price":40080.02,"amount":0.00307734},{"tid":5597573,"date":1580683411,"type":"sell","price":40080,"amount":0.00218},{"tid":5597574,"date":1580683411,"type":"sell","price":40079.17,"amount":0.00850669},{"tid":5597575,"date":1580683480,"type":"sell","price":40096.5,"amount":0.00414832},{"tid":5597576,"date":1580683539,"type":"sell","price":40096.5,"amount":0.014},{"tid":5597577,"date":1580683546,"type":"sell","price":40096.5,"amount":0.00364698},{"tid":5597578,"date":1580683549,"type":"sell","price":40096.5,"amount":0.00369657},{"tid":5597579,"date":1580683553,"type":"sell","price":40096.5,"amount":0.27450813},{"tid":5597580,"date":1580683553,"type":"sell","price":40079.17,"amount":0.06152891},{"tid":5597581,"date":1580683553,"type":"sell","price":40079.17,"amount":0.00196044},{"tid":5597582,"date":1580683576,"type":"buy","price":40199.98984,"amount":0.00410845},{"tid":5597583,"date":1580683614,"type":"sell","price":40079.17,"amount":0.01338},{"tid":5597584,"date":1580683712,"type":"buy","price":40199.98925,"amount":0.01043731},{"tid":5597585,"date":1580683794,"type":"sell","price":40100,"amount":0.00101992},{"tid":5597586,"date":1580684090,"type":"sell","price":40100.00001,"amount":0.00281},{"tid":5597587,"date":1580684106,"type":"buy","price":40199.98,"amount":0.00236592},{"tid":5597588,"date":1580684134,"type":"buy","price":40199.98,"amount":0.00121641},{"tid":5597589,"date":1580684155,"type":"buy","price":40189.87999,"amount":0.01813889},{"tid":5597590,"date":1580684194,"type":"sell","price":40101.00001,"amount":0.001},{"tid":5597591,"date":1580684235,"type":"sell","price":40101,"amount":0.01504872},{"tid":5597592,"date":1580684255,"type":"sell","price":40101,"amount":0.0012079},{"tid":5597593,"date":1580684272,"type":"buy","price":40189.87999,"amount":0.00124409},{"tid":5597594,"date":1580684277,"type":"sell","price":40101,"amount":0.00112832},{"tid":5597595,"date":1580684314,"type":"buy","price":40189.87999,"amount":0.04383},{"tid":5597596,"date":1580684314,"type":"buy","price":40199.98,"amount":0.00645117},{"tid":5597597,"date":1580684314,"type":"buy","price":40199.99,"amount":0.0020148},{"tid":5597598,"date":1580684314,"type":"buy","price":40200,"amount":0.03110456},{"tid":5597599,"date":1580684314,"type":"buy","price":40200,"amount":0.011},{"tid":5597600,"date":1580684314,"type":"buy","price":40249.98,"amount":0.004},{"tid":5597601,"date":1580684314,"type":"buy","price":40250,"amount":0.05167484},{"tid":5597602,"date":1580684537,"type":"sell","price":40101.00003,"amount":0.00134553},{"tid":5597603,"date":1580684591,"type":"sell","price":40101.00003,"amount":0.00637179},{"tid":5597604,"date":1580684660,"type":"buy","price":40248.90611,"amount":0.00105686},{"tid":5597605,"date":1580684663,"type":"sell","price":40101.00004,"amount":0.00136165},{"tid":5597606,"date":1580684663,"type":"sell","price":40101.00003,"amount":0.00246332},{"tid":5597607,"date":1580684663,"type":"sell","price":40101,"amount":0.01636308},{"tid":5597608,"date":1580684719,"type":"sell","price":40101,"amount":0.01775198},{"tid":5597609,"date":1580684719,"type":"sell","price":40101,"amount":0.034},{"tid":5597610,"date":1580684719,"type":"sell","price":40101,"amount":0.025},{"tid":5597611,"date":1580684719,"type":"sell","price":40101,"amount":0.06461802},{"tid":5597612,"date":1580684787,"type":"buy","price":40239.96983,"amount":0.00080666},{"tid":5597613,"date":1580684794,"type":"buy","price":40239.96983,"amount":0.00058379},{"tid":5597614,"date":1580684849,"type":"buy","price":40239.95956,"amount":0.12647552},{"tid":5597615,"date":1580684909,"type":"buy","price":40239.89922,"amount":0.00372764},{"tid":5597616,"date":1580684954,"type":"sell","price":40101,"amount":0.00204453},{"tid":5597617,"date":1580684969,"type":"sell","price":40101,"amount":0.00252844},{"tid":5597618,"date":1580685013,"type":"buy","price":40209.94944,"amount":0.02347677},{"tid":5597619,"date":1580685196,"type":"sell","price":40101.00001,"amount":0.00529},{"tid":5597620,"date":1580685227,"type":"sell","price":40101.00001,"amount":0.00435598},{"tid":5597621,"date":1580685250,"type":"sell","price":40101.00001,"amount":0.00108934},{"tid":5597622,"date":1580685262,"type":"sell","price":40101.00001,"amount":0.0107},{"tid":5597623,"date":1580685385,"type":"sell","price":40101.00001,"amount":0.10668127},{"tid":5597624,"date":1580685385,"type":"sell","price":40101,"amount":0.00367873},{"tid":5597625,"date":1580685437,"type":"sell","price":40101,"amount":0.0168},{"tid":5597626,"date":1580685521,"type":"buy","price":40102,"amount":0.00024936},{"tid":5597627,"date":1580685547,"type":"buy","price":40102,"amount":0.0124682},{"tid":5597628,"date":1580685571,"type":"buy","price":40102,"amount":0.01063602},{"tid":5597629,"date":1580685609,"type":"sell","price":40102.00003,"amount":0.02731617},{"tid":5597630,"date":1580685609,"type":"sell","price":40102,"amount":0.03389383},{"tid":5597631,"date":1580685613,"type":"buy","price":40234.97983,"amount":0.00443966},{"tid":5597632,"date":1580685698,"type":"sell","price":40102.00003,"amount":0.00348554},{"tid":5597633,"date":1580685714,"type":"sell","price":40102.00003,"amount":0.00096216},{"tid":5597634,"date":1580685714,"type":"sell","price":40102,"amount":0.10292342},{"tid":5597635,"date":1580685744,"type":"sell","price":40102,"amount":0.14073663},{"tid":5597636,"date":1580685749,"type":"buy","price":40234.85801,"amount":0.01242703},{"tid":5597637,"date":1580685770,"type":"sell","price":40103.00001,"amount":0.01128212},{"tid":5597638,"date":1580685806,"type":"buy","price":40234.83775,"amount":0.00024854},{"tid":5597639,"date":1580685820,"type":"buy","price":40234.83775,"amount":0.00024854},{"tid":5597640,"date":1580685860,"type":"buy","price":40234.71758,"amount":0.00234722},{"tid":5597641,"date":1580685884,"type":"sell","price":40103.00001,"amount":0.00116707},{"tid":5597642,"date":1580685885,"type":"buy","price":40103.00001,"amount":0.00007972},{"tid":5597643,"date":1580685900,"type":"sell","price":40103,"amount":0.01198},{"tid":5597644,"date":1580685927,"type":"sell","price":40103,"amount":0.02397012},{"tid":5597645,"date":1580685951,"type":"sell","price":40103,"amount":0.297},{"tid":5597646,"date":1580685958,"type":"sell","price":40103,"amount":0.00117},{"tid":5597647,"date":1580686049,"type":"buy","price":40120.10029,"amount":0.0004985},{"tid":5597648,"date":1580686063,"type":"sell","price":40102,"amount":0.01526},{"tid":5597649,"date":1580686066,"type":"buy","price":40120.10029,"amount":0.0004985},{"tid":5597650,"date":1580686073,"type":"buy","price":40120.10029,"amount":0.0004985},{"tid":5597651,"date":1580686083,"type":"buy","price":40120.10029,"amount":0.0004985},{"tid":5597652,"date":1580686089,"type":"buy","price":40120.10029,"amount":0.00087238},{"tid":5597653,"date":1580686092,"type":"buy","price":40120.10029,"amount":0.0004985},{"tid":5597654,"date":1580686106,"type":"buy","price":40120.10029,"amount":0.0004985},{"tid":5597655,"date":1580686111,"type":"buy","price":40120.10029,"amount":0.0004985},{"tid":5597656,"date":1580686130,"type":"buy","price":40120.10029,"amount":0.00074775},{"tid":5597657,"date":1580686136,"type":"buy","price":40120.10029,"amount":0.00074775},{"tid":5597658,"date":1580686141,"type":"buy","price":40120.10029,"amount":0.0004985},{"tid":5597659,"date":1580686158,"type":"buy","price":40120.10029,"amount":0.00062537},{"tid":5597660,"date":1580686166,"type":"buy","price":40120.10029,"amount":0.00024925},{"tid":5597661,"date":1580686183,"type":"buy","price":40120.10029,"amount":0.00024925},{"tid":5597662,"date":1580686232,"type":"sell","price":40103,"amount":0.005},{"tid":5597663,"date":1580686285,"type":"sell","price":40103,"amount":0.00128},{"tid":5597664,"date":1580686345,"type":"buy","price":40120.10029,"amount":0.17193796},{"tid":5597665,"date":1580686391,"type":"buy","price":40120.09029,"amount":0.00124625},{"tid":5597666,"date":1580686403,"type":"buy","price":40120.0903,"amount":0.0004985},{"tid":5597667,"date":1580686433,"type":"sell","price":40103,"amount":0.14292},{"tid":5597668,"date":1580686433,"type":"sell","price":40103,"amount":1.02596389},{"tid":5597669,"date":1580686433,"type":"sell","price":40102,"amount":0.7299501},{"tid":5597670,"date":1580686433,"type":"sell","price":40102,"amount":0.008},{"tid":5597671,"date":1580686433,"type":"sell","price":40101,"amount":0.06033028},{"tid":5597672,"date":1580686433,"type":"sell","price":40101,"amount":0.02663593},{"tid":5597673,"date":1580686433,"type":"sell","price":40101,"amount":0.18805992},{"tid":5597674,"date":1580686452,"type":"buy","price":40120.0703,"amount":0.0016301},{"tid":5597675,"date":1580686456,"type":"buy","price":40120.08029,"amount":0.00132604},{"tid":5597676,"date":1580686456,"type":"buy","price":40120.1003,"amount":0.00116647},{"tid":5597677,"date":1580686515,"type":"sell","price":40101,"amount":0.075},{"tid":5597678,"date":1580686586,"type":"sell","price":40101,"amount":0.006},{"tid":5597679,"date":1580686662,"type":"buy","price":40120.1003,"amount":0.00008032},{"tid":5597680,"date":1580686662,"type":"buy","price":40199.99998,"amount":0.00016859},{"tid":5597681,"date":1580686662,"type":"sell","price":40101,"amount":0.0119426},{"tid":5597682,"date":1580686675,"type":"sell","price":40101,"amount":0.04986},{"tid":5597683,"date":1580686678,"type":"buy","price":40200,"amount":0.00024875},{"tid":5597684,"date":1580686766,"type":"sell","price":40101,"amount":0.00124685},{"tid":5597685,"date":1580686781,"type":"buy","price":40200,"amount":0.28927575},{"tid":5597686,"date":1580686781,"type":"buy","price":40234.96998,"amount":0.2080557},{"tid":5597687,"date":1580686794,"type":"buy","price":40234.88976,"amount":0.04933614},{"tid":5597688,"date":1580686794,"type":"buy","price":40234.88983,"amount":0.24891445},{"tid":5597689,"date":1580686817,"type":"sell","price":40101.00003,"amount":0.00673182},{"tid":5597690,"date":1580686858,"type":"buy","price":40234.70818,"amount":0.00157799},{"tid":5597691,"date":1580686862,"type":"sell","price":40101.00003,"amount":0.0306},{"tid":5597692,"date":1580686899,"type":"sell","price":40101.00003,"amount":0.01260922},{"tid":5597693,"date":1580686899,"type":"sell","price":40101,"amount":0.06354186},{"tid":5597694,"date":1580686924,"type":"buy","price":40233.64916,"amount":0.00666258},{"tid":5597695,"date":1580687075,"type":"sell","price":40101.1,"amount":0.00246},{"tid":5597696,"date":1580687075,"type":"sell","price":40101,"amount":0.309468},{"tid":5597697,"date":1580687174,"type":"sell","price":40101,"amount":0.01052},{"tid":5597698,"date":1580687194,"type":"sell","price":40101,"amount":0.00586667},{"tid":5597699,"date":1580687433,"type":"sell","price":40101,"amount":0.0812035},{"tid":5597700,"date":1580687469,"type":"buy","price":40221.49513,"amount":0.03729349},{"tid":5597701,"date":1580687590,"type":"buy","price":40219.99933,"amount":0.00047168},{"tid":5597702,"date":1580687654,"type":"sell","price":40101,"amount":0.00273},{"tid":5597703,"date":1580687678,"type":"sell","price":40101,"amount":0.1439065},{"tid":5597704,"date":1580687678,"type":"sell","price":40101,"amount":0.23221989},{"tid":5597705,"date":1580687678,"type":"sell","price":40101,"amount":0.0012471},{"tid":5597706,"date":1580687678,"type":"sell","price":40101,"amount":0.00972544},{"tid":5597707,"date":1580687678,"type":"sell","price":40100,"amount":0.01898008},{"tid":5597708,"date":1580687678,"type":"sell","price":40100,"amount":0.0025596},{"tid":5597709,"date":1580687678,"type":"sell","price":40100,"amount":0.05},{"tid":5597710,"date":1580687678,"type":"sell","price":40080.01,"amount":0.003571},{"tid":5597711,"date":1580687678,"type":"sell","price":40079.17,"amount":0.02059144},{"tid":5597712,"date":1580687678,"type":"sell","price":40076,"amount":0.00198817},{"tid":5597713,"date":1580687678,"type":"sell","price":40075,"amount":0.01773501},{"tid":5597714,"date":1580687678,"type":"sell","price":40075,"amount":0.0531},{"tid":5597715,"date":1580687678,"type":"sell","price":40075,"amount":0.00007189},{"tid":5597716,"date":1580687709,"type":"sell","price":40075.00003,"amount":0.02148111},{"tid":5597717,"date":1580687751,"type":"sell","price":40075.00003,"amount":0.0018},{"tid":5597718,"date":1580687811,"type":"sell","price":40075,"amount":0.0244},{"tid":5597719,"date":1580687829,"type":"sell","price":40075,"amount":0.00047184},{"tid":5597720,"date":1580687829,"type":"sell","price":40072.14,"amount":0.00996003},{"tid":5597721,"date":1580687829,"type":"sell","price":40070.55005,"amount":0.01448821},{"tid":5597722,"date":1580687829,"type":"sell","price":40070.55,"amount":0.0029743},{"tid":5597723,"date":1580687929,"type":"buy","price":40198.32808,"amount":0.00148887},{"tid":5597724,"date":1580687935,"type":"buy","price":40198.30792,"amount":0.00124383},{"tid":5597725,"date":1580687970,"type":"sell","price":40070.55005,"amount":0.00124593},{"tid":5597726,"date":1580687970,"type":"sell","price":40070.55,"amount":0.00009859},{"tid":5597727,"date":1580687971,"type":"buy","price":40198.12691,"amount":0.1243839},{"tid":5597728,"date":1580688011,"type":"sell","price":40070.55001,"amount":0.05},{"tid":5597729,"date":1580688109,"type":"sell","price":40070.55001,"amount":0.07459274},{"tid":5597730,"date":1580688109,"type":"sell","price":40070.55,"amount":0.09692711},{"tid":5597731,"date":1580688109,"type":"sell","price":40070.47,"amount":0.00225402},{"tid":5597732,"date":1580688109,"type":"sell","price":40070,"amount":0.00335},{"tid":5597733,"date":1580688109,"type":"sell","price":40070,"amount":0.00254},{"tid":5597734,"date":1580688156,"type":"sell","price":40067,"amount":0.00114632},{"tid":5597735,"date":1580688156,"type":"sell","price":40067,"amount":0.00160368},{"tid":5597736,"date":1580688235,"type":"sell","price":40067,"amount":0.00700087},{"tid":5597737,"date":1580688245,"type":"sell","price":40067,"amount":0.00139545},{"tid":5597738,"date":1580688245,"type":"sell","price":40067,"amount":0.05},{"tid":5597739,"date":1580688245,"type":"sell","price":40067,"amount":0.02967729},{"tid":5597740,"date":1580688251,"type":"sell","price":40066,"amount":0.00995688},{"tid":5597741,"date":1580688282,"type":"sell","price":40066,"amount":0.00700088},{"tid":5597742,"date":1580688282,"type":"sell","price":40055,"amount":0.00626563},{"tid":5597743,"date":1580688282,"type":"sell","price":40053.22,"amount":0.01283966},{"tid":5597744,"date":1580688282,"type":"sell","price":40052.31,"amount":0.0012},{"tid":5597745,"date":1580688282,"type":"sell","price":40052,"amount":0.0015},{"tid":5597746,"date":1580688282,"type":"sell","price":40051.79,"amount":0.00421379},{"tid":5597747,"date":1580688282,"type":"sell","price":40050,"amount":0.0012},{"tid":5597748,"date":1580688282,"type":"sell","price":40050,"amount":0.01219001},{"tid":5597749,"date":1580688282,"type":"sell","price":40050,"amount":0.03848},{"tid":5597750,"date":1580688282,"type":"sell","price":40014.8,"amount":0.0448605},{"tid":5597751,"date":1580688361,"type":"sell","price":40014.8,"amount":0.0104595},{"tid":5597752,"date":1580688361,"type":"sell","price":40011,"amount":0.0045},{"tid":5597753,"date":1580688361,"type":"sell","price":40011,"amount":0.0019},{"tid":5597754,"date":1580688361,"type":"sell","price":40010,"amount":0.00113971},{"tid":5597755,"date":1580688361,"type":"sell","price":40010,"amount":0.0066},{"tid":5597756,"date":1580688361,"type":"sell","price":40010,"amount":0.0022},{"tid":5597757,"date":1580688361,"type":"sell","price":40009.01,"amount":0.06367615},{"tid":5597758,"date":1580688361,"type":"sell","price":40009,"amount":0.06202464},{"tid":5597759,"date":1580688408,"type":"buy","price":40014.8,"amount":0.00139929},{"tid":5597760,"date":1580688408,"type":"buy","price":40070,"amount":0.12353362},{"tid":5597761,"date":1580688408,"type":"buy","price":40150.59705,"amount":0.00380481},{"tid":5597762,"date":1580688452,"type":"sell","price":40009.00001,"amount":0.00272},{"tid":5597763,"date":1580688617,"type":"sell","price":40010.03001,"amount":0.00109252},{"tid":5597764,"date":1580688617,"type":"sell","price":40010.03,"amount":0.01},{"tid":5597765,"date":1580688617,"type":"sell","price":40009,"amount":0.01490748},{"tid":5597766,"date":1580688620,"type":"sell","price":40009,"amount":0.06724097},{"tid":5597767,"date":1580688652,"type":"sell","price":40009,"amount":0.0025963},{"tid":5597768,"date":1580688666,"type":"buy","price":40140.64963,"amount":0.00145712},{"tid":5597769,"date":1580688670,"type":"sell","price":40009.00001,"amount":0.00145972},{"tid":5597770,"date":1580688670,"type":"sell","price":40009,"amount":0.00128861},{"tid":5597771,"date":1580688708,"type":"sell","price":40009,"amount":0.00557567},{"tid":5597772,"date":1580688818,"type":"sell","price":40009,"amount":0.01766633},{"tid":5597773,"date":1580688818,"type":"sell","price":40009,"amount":0.03429641},{"tid":5597774,"date":1580688899,"type":"sell","price":40009,"amount":0.00439307},{"tid":5597775,"date":1580688904,"type":"buy","price":40137.9395,"amount":0.00123936},{"tid":5597776,"date":1580689031,"type":"buy","price":40137.86813,"amount":0.00073397},{"tid":5597777,"date":1580689091,"type":"buy","price":40137.86813,"amount":0.0012457},{"tid":5597778,"date":1580689394,"type":"sell","price":40040,"amount":0.001111},{"tid":5597779,"date":1580689394,"type":"sell","price":40040,"amount":0.00921408},{"tid":5597780,"date":1580689416,"type":"sell","price":40040,"amount":0.00078592},{"tid":5597781,"date":1580689416,"type":"sell","price":40015,"amount":0.00511408},{"tid":5597782,"date":1580689474,"type":"buy","price":40137.77924,"amount":0.00291346},{"tid":5597783,"date":1580689588,"type":"sell","price":40015,"amount":0.0075},{"tid":5597784,"date":1580689609,"type":"buy","price":40137.75904,"amount":0.01467446},{"tid":5597785,"date":1580689616,"type":"sell","price":40015,"amount":0.01247368},{"tid":5597786,"date":1580689674,"type":"buy","price":40137.71983,"amount":0.00024914},{"tid":5597787,"date":1580689678,"type":"sell","price":40015,"amount":0.0098},{"tid":5597788,"date":1580689684,"type":"sell","price":40015,"amount":0.00324},{"tid":5597789,"date":1580689689,"type":"buy","price":40137.71983,"amount":0.00024914},{"tid":5597790,"date":1580689722,"type":"sell","price":40015,"amount":0.02415001},{"tid":5597791,"date":1580689788,"type":"buy","price":40114.1,"amount":0.00272373},{"tid":5597792,"date":1580689843,"type":"sell","price":40015,"amount":0.01811251},{"tid":5597793,"date":1580689937,"type":"buy","price":40117.71923,"amount":0.00024926},{"tid":5597794,"date":1580689948,"type":"buy","price":40117.71923,"amount":0.00049853},{"tid":5597795,"date":1580689954,"type":"buy","price":40117.71923,"amount":0.00099706},{"tid":5597796,"date":1580689974,"type":"buy","price":40117.71923,"amount":0.00075278},{"tid":5597797,"date":1580689986,"type":"buy","price":40117.71923,"amount":0.00024926},{"tid":5597798,"date":1580690016,"type":"sell","price":40015,"amount":0.001},{"tid":5597799,"date":1580690019,"type":"buy","price":40117.68893,"amount":0.00042375},{"tid":5597800,"date":1580690077,"type":"sell","price":40015,"amount":0.0025319},{"tid":5597801,"date":1580690081,"type":"sell","price":40015,"amount":0.00738},{"tid":5597802,"date":1580690113,"type":"buy","price":40117.6385,"amount":0.00179098},{"tid":5597803,"date":1580690127,"type":"buy","price":40117.62833,"amount":0.01144434},{"tid":5597804,"date":1580690158,"type":"sell","price":40015,"amount":0.0013},{"tid":5597805,"date":1580690171,"type":"sell","price":40015,"amount":0.0165},{"tid":5597806,"date":1580690181,"type":"buy","price":40089.99,"amount":0.00049887},{"tid":5597807,"date":1580690192,"type":"sell","price":40015,"amount":0.00139547},{"tid":5597808,"date":1580690211,"type":"sell","price":40015,"amount":0.03215325},{"tid":5597809,"date":1580690225,"type":"buy","price":40090,"amount":0.00134696},{"tid":5597810,"date":1580690251,"type":"sell","price":40016,"amount":0.00247015},{"tid":5597811,"date":1580690289,"type":"sell","price":40016,"amount":0.00217},{"tid":5597812,"date":1580690299,"type":"buy","price":40090,"amount":0.00099775},{"tid":5597813,"date":1580690304,"type":"buy","price":40090,"amount":0.00024943},{"tid":5597814,"date":1580690312,"type":"buy","price":40090,"amount":0.00024943},{"tid":5597815,"date":1580690341,"type":"sell","price":40016,"amount":0.00198265},{"tid":5597816,"date":1580690347,"type":"sell","price":40016,"amount":0.01534},{"tid":5597817,"date":1580690365,"type":"buy","price":40090,"amount":0.00024943},{"tid":5597818,"date":1580690381,"type":"sell","price":40019,"amount":0.00538},{"tid":5597819,"date":1580690387,"type":"buy","price":40090,"amount":0.00024943},{"tid":5597820,"date":1580690399,"type":"buy","price":40090,"amount":0.00024943},{"tid":5597821,"date":1580690408,"type":"buy","price":40117.66,"amount":0.00049853},{"tid":5597822,"date":1580690427,"type":"buy","price":40117.66,"amount":0.00024926},{"tid":5597823,"date":1580690442,"type":"buy","price":40110,"amount":0.00024931},{"tid":5597824,"date":1580690464,"type":"buy","price":40110,"amount":0.00049862},{"tid":5597825,"date":1580690496,"type":"buy","price":40110,"amount":0.00024931},{"tid":5597826,"date":1580690497,"type":"sell","price":40030,"amount":0.0945},{"tid":5597827,"date":1580690531,"type":"sell","price":40030,"amount":0.50197},{"tid":5597828,"date":1580690535,"type":"buy","price":40110,"amount":0.00383046},{"tid":5597829,"date":1580690560,"type":"sell","price":40030,"amount":0.01521},{"tid":5597830,"date":1580690631,"type":"sell","price":40030,"amount":0.00539},{"tid":5597831,"date":1580690646,"type":"sell","price":40030,"amount":0.0029},{"tid":5597832,"date":1580690660,"type":"buy","price":40110,"amount":0.00124657},{"tid":5597833,"date":1580690662,"type":"sell","price":40030,"amount":0.00498578},{"tid":5597834,"date":1580690680,"type":"buy","price":40110,"amount":0.00074794},{"tid":5597835,"date":1580690701,"type":"sell","price":40030,"amount":0.0028},{"tid":5597836,"date":1580690743,"type":"buy","price":40110,"amount":0.00473697},{"tid":5597837,"date":1580690778,"type":"sell","price":40030,"amount":0.02571},{"tid":5597838,"date":1580690801,"type":"sell","price":40030,"amount":0.00118466},{"tid":5597839,"date":1580690832,"type":"sell","price":40030,"amount":0.0057},{"tid":5597840,"date":1580690832,"type":"buy","price":40110,"amount":0.00498628},{"tid":5597841,"date":1580690883,"type":"sell","price":40030,"amount":0.00138686},{"tid":5597842,"date":1580690884,"type":"sell","price":40030,"amount":0.0011},{"tid":5597843,"date":1580690889,"type":"sell","price":40030,"amount":0.00181029},{"tid":5597844,"date":1580690972,"type":"buy","price":40100,"amount":0.00245262},{"tid":5597845,"date":1580690972,"type":"buy","price":40110,"amount":0.00004113},{"tid":5597846,"date":1580691042,"type":"sell","price":40050,"amount":0.00380365},{"tid":5597847,"date":1580691102,"type":"buy","price":40110,"amount":0.00110775},{"tid":5597848,"date":1580691138,"type":"sell","price":40050,"amount":0.0011},{"tid":5597849,"date":1580691168,"type":"buy","price":40110,"amount":0.00109999},{"tid":5597850,"date":1580691184,"type":"sell","price":40050,"amount":0.03584},{"tid":5597851,"date":1580691205,"type":"buy","price":40110,"amount":0.00140164},{"tid":5597852,"date":1580691252,"type":"buy","price":40110,"amount":0.00055435},{"tid":5597853,"date":1580691382,"type":"buy","price":40110,"amount":0.00505011},{"tid":5597854,"date":1580691438,"type":"sell","price":40050,"amount":0.00871},{"tid":5597855,"date":1580691609,"type":"buy","price":40110,"amount":0.00164472},{"tid":5597856,"date":1580691707,"type":"buy","price":40110,"amount":0.00149588},{"tid":5597857,"date":1580691719,"type":"sell","price":40050,"amount":0.02471339},{"tid":5597858,"date":1580691719,"type":"sell","price":40050,"amount":0.03},{"tid":5597859,"date":1580691719,"type":"sell","price":40050,"amount":0.00754931},{"tid":5597860,"date":1580691719,"type":"sell","price":40050,"amount":0.04536969},{"tid":5597861,"date":1580691821,"type":"sell","price":40050,"amount":0.00463031},{"tid":5597862,"date":1580691821,"type":"sell","price":40050,"amount":0.06301969},{"tid":5597863,"date":1580691829,"type":"sell","price":40050,"amount":0.05415322},{"tid":5597864,"date":1580691838,"type":"buy","price":40110,"amount":0.14129371},{"tid":5597865,"date":1580691838,"type":"buy","price":40110,"amount":0.08},{"tid":5597866,"date":1580691838,"type":"buy","price":40117.66,"amount":0.00065221},{"tid":5597867,"date":1580691838,"type":"buy","price":40137.86,"amount":0.00827815},{"tid":5597868,"date":1580691838,"type":"buy","price":40137.93,"amount":0.02293821},{"tid":5597869,"date":1580691838,"type":"buy","price":40200,"amount":0.001},{"tid":5597870,"date":1580691838,"type":"buy","price":40200,"amount":0.02709048},{"tid":5597871,"date":1580691838,"type":"buy","price":40233.42999,"amount":0.02325323},{"tid":5597872,"date":1580691960,"type":"buy","price":40233.42975,"amount":0.00124274},{"tid":5597873,"date":1580692021,"type":"sell","price":40050.78144,"amount":0.0137},{"tid":5597874,"date":1580692058,"type":"sell","price":40050.92178,"amount":0.00138077},{"tid":5597875,"date":1580692198,"type":"sell","price":40060.00017,"amount":0.00192614},{"tid":5597876,"date":1580692231,"type":"buy","price":40233.34941,"amount":0.00162999},{"tid":5597877,"date":1580692258,"type":"buy","price":40233.34941,"amount":0.0024855},{"tid":5597878,"date":1580692342,"type":"sell","price":40100.00003,"amount":0.001},{"tid":5597879,"date":1580692385,"type":"sell","price":40100.00003,"amount":0.00123068},{"tid":5597880,"date":1580692412,"type":"buy","price":40233.33907,"amount":0.00139188},{"tid":5597881,"date":1580692518,"type":"sell","price":40100.00003,"amount":0.02573},{"tid":5597882,"date":1580692574,"type":"sell","price":40120,"amount":0.00595363},{"tid":5597883,"date":1580692574,"type":"sell","price":40100.00003,"amount":0.00539874},{"tid":5597884,"date":1580692574,"type":"sell","price":40070.00001,"amount":0.0078042},{"tid":5597885,"date":1580692593,"type":"buy","price":40200,"amount":0.0007388},{"tid":5597886,"date":1580692631,"type":"sell","price":40070.00001,"amount":0.00227167},{"tid":5597887,"date":1580692745,"type":"buy","price":40199.98993,"amount":0.00124353},{"tid":5597888,"date":1580692769,"type":"sell","price":40070.00004,"amount":0.00438555},{"tid":5597889,"date":1580692769,"type":"sell","price":40070.00003,"amount":0.0012457},{"tid":5597890,"date":1580692769,"type":"sell","price":40070,"amount":0.08317381},{"tid":5597891,"date":1580692790,"type":"sell","price":40070,"amount":0.0015},{"tid":5597892,"date":1580692795,"type":"buy","price":40199.98993,"amount":0.0012689},{"tid":5597893,"date":1580692928,"type":"buy","price":40199.96984,"amount":0.04855247},{"tid":5597894,"date":1580692928,"type":"buy","price":40199.97,"amount":0.01363961},{"tid":5597895,"date":1580693067,"type":"buy","price":40199.96999,"amount":0.00621891},{"tid":5597896,"date":1580693127,"type":"buy","price":40199.97,"amount":0.00202256},{"tid":5597897,"date":1580693196,"type":"sell","price":40100,"amount":0.01567},{"tid":5597898,"date":1580693412,"type":"sell","price":40130,"amount":0.02579013},{"tid":5597899,"date":1580693413,"type":"buy","price":40199.97,"amount":0.00025323},{"tid":5597900,"date":1580693418,"type":"buy","price":40199.97,"amount":0.0090096},{"tid":5597901,"date":1580693418,"type":"buy","price":40199.97,"amount":0.00423454},{"tid":5597902,"date":1580693418,"type":"buy","price":40199.97,"amount":0.00333995},{"tid":5597903,"date":1580693418,"type":"buy","price":40199.97,"amount":0.0041},{"tid":5597904,"date":1580693418,"type":"buy","price":40199.98,"amount":0.29910001},{"tid":5597905,"date":1580693418,"type":"buy","price":40200,"amount":0.00802365},{"tid":5597906,"date":1580693418,"type":"buy","price":40200,"amount":0.00260045},{"tid":5597907,"date":1580693418,"type":"buy","price":40233.31899,"amount":0.05302314},{"tid":5597908,"date":1580693440,"type":"buy","price":40233.33899,"amount":0.18963059},{"tid":5597909,"date":1580693440,"type":"buy","price":40233.339,"amount":0.00516838},{"tid":5597910,"date":1580693440,"type":"buy","price":40233.34,"amount":0.13966394},{"tid":5597911,"date":1580693503,"type":"buy","price":40233.32,"amount":0.001246},{"tid":5597912,"date":1580693507,"type":"buy","price":40233.32,"amount":0.21504588},{"tid":5597913,"date":1580693513,"type":"buy","price":40233.32,"amount":0.0074565},{"tid":5597914,"date":1580693547,"type":"buy","price":40233.32,"amount":0.00094971},{"tid":5597915,"date":1580693547,"type":"buy","price":40233.34,"amount":0.00028881},{"tid":5597916,"date":1580693559,"type":"buy","price":40233.34,"amount":0.00123852},{"tid":5597917,"date":1580693564,"type":"buy","price":40233.34,"amount":0.02705815},{"tid":5597918,"date":1580693578,"type":"buy","price":40233.34,"amount":0.1},{"tid":5597919,"date":1580693583,"type":"buy","price":40233.34,"amount":0.1},{"tid":5597920,"date":1580693586,"type":"buy","price":40233.34,"amount":0.22388695},{"tid":5597921,"date":1580693587,"type":"buy","price":40233.34,"amount":0.1},{"tid":5597922,"date":1580693590,"type":"sell","price":40233.3,"amount":0.0058},{"tid":5597923,"date":1580693592,"type":"buy","price":40233.34,"amount":0.1},{"tid":5597924,"date":1580693596,"type":"buy","price":40233.34,"amount":0.1},{"tid":5597925,"date":1580693598,"type":"buy","price":40233.34,"amount":0.1},{"tid":5597926,"date":1580693611,"type":"sell","price":40233.30001,"amount":0.1},{"tid":5597927,"date":1580693611,"type":"sell","price":40233.3,"amount":0.06958532},{"tid":5597928,"date":1580693611,"type":"sell","price":40233.3,"amount":0.00124275},{"tid":5597929,"date":1580693612,"type":"buy","price":40233.3,"amount":0.01242751},{"tid":5597930,"date":1580693617,"type":"buy","price":40233.3,"amount":0.05774176},{"tid":5597931,"date":1580693617,"type":"buy","price":40233.34,"amount":0.00387492},{"tid":5597932,"date":1580693620,"type":"sell","price":40233.34001,"amount":0.09712},{"tid":5597933,"date":1580693641,"type":"sell","price":40233.34001,"amount":0.00288},{"tid":5597934,"date":1580693641,"type":"sell","price":40233.34,"amount":0.00636034},{"tid":5597935,"date":1580693645,"type":"buy","price":40233.39,"amount":0.00590215},{"tid":5597936,"date":1580693645,"type":"buy","price":40233.4297,"amount":0.00109446},{"tid":5597937,"date":1580693645,"type":"buy","price":40233.64,"amount":0.03122324},{"tid":5597938,"date":1580693645,"type":"buy","price":40234.97,"amount":0.00125851},{"tid":5597939,"date":1580693645,"type":"buy","price":40250,"amount":0.09932516},{"tid":5597940,"date":1580693645,"type":"buy","price":40250,"amount":0.01673998},{"tid":5597941,"date":1580693645,"type":"buy","price":40250,"amount":0.00228697},{"tid":5597942,"date":1580693645,"type":"buy","price":40300,"amount":0.01791081},{"tid":5597943,"date":1580693645,"type":"buy","price":40300,"amount":0.00121688},{"tid":5597944,"date":1580693645,"type":"buy","price":40300.67,"amount":0.00102548},{"tid":5597945,"date":1580693645,"type":"buy","price":40398,"amount":0.002},{"tid":5597946,"date":1580693645,"type":"buy","price":40399.99998,"amount":0.19195544},{"tid":5597947,"date":1580693646,"type":"sell","price":40233.38,"amount":0.0013},{"tid":5597948,"date":1580693677,"type":"buy","price":40399.99498,"amount":0.00024752},{"tid":5597949,"date":1580693708,"type":"sell","price":40265.64071,"amount":0.0013},{"tid":5597950,"date":1580693730,"type":"sell","price":40399.99002,"amount":0.02042325},{"tid":5597951,"date":1580693734,"type":"buy","price":40399.99498,"amount":0.00343919},{"tid":5597952,"date":1580693734,"type":"buy","price":40399.99998,"amount":0.07104212},{"tid":5597953,"date":1580693734,"type":"buy","price":40400,"amount":0.21347729},{"tid":5597954,"date":1580693734,"type":"buy","price":40400,"amount":0.00254},{"tid":5597955,"date":1580693734,"type":"buy","price":40402,"amount":0.02472014},{"tid":5597956,"date":1580693735,"type":"buy","price":40402,"amount":0.02662536},{"tid":5597957,"date":1580693735,"type":"buy","price":40420,"amount":0.00881389},{"tid":5597958,"date":1580693735,"type":"buy","price":40435.97,"amount":0.11006896},{"tid":5597959,"date":1580693735,"type":"buy","price":40444.87,"amount":0.04025203},{"tid":5597960,"date":1580693735,"type":"buy","price":40450,"amount":0.05378808},{"tid":5597961,"date":1580693735,"type":"buy","price":40490,"amount":0.05269368},{"tid":5597962,"date":1580693735,"type":"buy","price":40491.96255,"amount":0.00124275},{"tid":5597963,"date":1580693735,"type":"buy","price":40495,"amount":0.5},{"tid":5597964,"date":1580693741,"type":"sell","price":40495.01,"amount":0.001},{"tid":5597965,"date":1580693748,"type":"buy","price":40496.99999,"amount":0.05442081},{"tid":5597966,"date":1580693748,"type":"buy","price":40497,"amount":0.08029019},{"tid":5597967,"date":1580693758,"type":"buy","price":40497,"amount":0.15422772},{"tid":5597968,"date":1580693766,"type":"buy","price":40497,"amount":0.50239333},{"tid":5597969,"date":1580693770,"type":"sell","price":40400.05,"amount":0.00704},{"tid":5597970,"date":1580693776,"type":"sell","price":40400.06,"amount":0.019},{"tid":5597971,"date":1580693786,"type":"buy","price":40497,"amount":0.00493863},{"tid":5597972,"date":1580693799,"type":"buy","price":40497,"amount":0.00011973},{"tid":5597973,"date":1580693799,"type":"buy","price":40498.99,"amount":0.00012719},{"tid":5597974,"date":1580693825,"type":"sell","price":40450.01,"amount":0.0376},{"tid":5597975,"date":1580693849,"type":"sell","price":40498.98,"amount":0.04479179},{"tid":5597976,"date":1580693856,"type":"buy","price":40498.99,"amount":0.01980759},{"tid":5597977,"date":1580693856,"type":"buy","price":40499,"amount":0.01994},{"tid":5597978,"date":1580693856,"type":"buy","price":40499.98,"amount":0.01047324},{"tid":5597979,"date":1580693856,"type":"buy","price":40500,"amount":0.0015},{"tid":5597980,"date":1580693856,"type":"buy","price":40500,"amount":0.00457866},{"tid":5597981,"date":1580693856,"type":"buy","price":40500,"amount":0.04},{"tid":5597982,"date":1580693856,"type":"buy","price":40500,"amount":0.00179057},{"tid":5597983,"date":1580693856,"type":"buy","price":40500,"amount":0.02},{"tid":5597984,"date":1580693856,"type":"buy","price":40500,"amount":0.01190994},{"tid":5597985,"date":1580693859,"type":"sell","price":40498.98,"amount":0.001},{"tid":5597986,"date":1580693877,"type":"sell","price":40498.98001,"amount":0.001},{"tid":5597987,"date":1580693892,"type":"sell","price":40498.98001,"amount":0.004985},{"tid":5597988,"date":1580693893,"type":"buy","price":40500,"amount":0.06},{"tid":5597989,"date":1580693893,"type":"sell","price":40498.98001,"amount":0.02453296},{"tid":5597990,"date":1580693903,"type":"sell","price":40498.98,"amount":0.005},{"tid":5597991,"date":1580693906,"type":"buy","price":40500,"amount":0.02557396},{"tid":5597992,"date":1580693906,"type":"buy","price":40500,"amount":0.033898},{"tid":5597993,"date":1580693906,"type":"buy","price":40500,"amount":0.00150714},{"tid":5597994,"date":1580693906,"type":"buy","price":40500,"amount":0.0374367},{"tid":5597995,"date":1580693907,"type":"buy","price":40500,"amount":0.00049382},{"tid":5597996,"date":1580693910,"type":"buy","price":40500,"amount":0.01818551},{"tid":5597997,"date":1580693910,"type":"buy","price":40500,"amount":0.01337492},{"tid":5597998,"date":1580693910,"type":"buy","price":40500,"amount":0.00252},{"tid":5597999,"date":1580693910,"type":"buy","price":40500,"amount":0.08991957},{"tid":5598000,"date":1580693927,"type":"sell","price":40498.98,"amount":0.05056},{"tid":5598001,"date":1580693931,"type":"sell","price":40498.98,"amount":0.00642284},{"tid":5598002,"date":1580693935,"type":"buy","price":40500,"amount":0.02610938},{"tid":5598003,"date":1580693938,"type":"sell","price":40498.98,"amount":0.00300684},{"tid":5598004,"date":1580693946,"type":"buy","price":40500,"amount":0.00024691},{"tid":5598005,"date":1580693951,"type":"buy","price":40500,"amount":0.03247654},{"tid":5598006,"date":1580693951,"type":"buy","price":40500,"amount":0.03},{"tid":5598007,"date":1580693951,"type":"buy","price":40500,"amount":0.48383234},{"tid":5598008,"date":1580693966,"type":"buy","price":40500,"amount":0.16428024},{"tid":5598009,"date":1580693981,"type":"buy","price":40500,"amount":0.10471827},{"tid":5598010,"date":1580693995,"type":"sell","price":40499.99,"amount":0.23632433},{"tid":5598011,"date":1580694012,"type":"sell","price":40499.99,"amount":0.00297537},{"tid":5598012,"date":1580694016,"type":"sell","price":40499.99,"amount":0.00321142},{"tid":5598013,"date":1580694027,"type":"sell","price":40499.99,"amount":0.00748888},{"tid":5598014,"date":1580694027,"type":"sell","price":40498.98,"amount":0.01044199},{"tid":5598015,"date":1580694027,"type":"sell","price":40451.51,"amount":0.001},{"tid":5598016,"date":1580694027,"type":"sell","price":40443.45743,"amount":0.00166913},{"tid":5598017,"date":1580694027,"type":"buy","price":40500,"amount":0.0634},{"tid":5598018,"date":1580694069,"type":"sell","price":40450.00001,"amount":0.02501196},{"tid":5598019,"date":1580694072,"type":"sell","price":40450,"amount":0.00369284},{"tid":5598020,"date":1580694082,"type":"sell","price":40450.00001,"amount":0.0056},{"tid":5598021,"date":1580694089,"type":"buy","price":40500,"amount":0.0018153},{"tid":5598022,"date":1580694097,"type":"buy","price":40500,"amount":0.33968049},{"tid":5598023,"date":1580694105,"type":"sell","price":40450.00001,"amount":0.01319949},{"tid":5598024,"date":1580694111,"type":"buy","price":40500,"amount":0.00124493},{"tid":5598025,"date":1580694123,"type":"buy","price":40500,"amount":0.00024691},{"tid":5598026,"date":1580694140,"type":"buy","price":40500,"amount":0.06596074},{"tid":5598027,"date":1580694169,"type":"buy","price":40499.95,"amount":0.13907617},{"tid":5598028,"date":1580694169,"type":"buy","price":40500,"amount":0.40980424},{"tid":5598029,"date":1580694197,"type":"sell","price":40450.00001,"amount":0.03558},{"tid":5598030,"date":1580694204,"type":"sell","price":40450,"amount":0.00147392},{"tid":5598031,"date":1580694219,"type":"sell","price":40450.00001,"amount":0.0045},{"tid":5598032,"date":1580694222,"type":"sell","price":40450.00002,"amount":0.01994268},{"tid":5598033,"date":1580694234,"type":"buy","price":40500,"amount":0.00024691},{"tid":5598034,"date":1580694247,"type":"sell","price":40450.00001,"amount":0.00521},{"tid":5598035,"date":1580694258,"type":"buy","price":40500,"amount":0.00111351},{"tid":5598036,"date":1580694266,"type":"buy","price":40500,"amount":0.00629037},{"tid":5598037,"date":1580694275,"type":"sell","price":40450.00001,"amount":0.001},{"tid":5598038,"date":1580694283,"type":"sell","price":40470.00001,"amount":0.010967},{"tid":5598039,"date":1580694314,"type":"buy","price":40500,"amount":0.05937703},{"tid":5598040,"date":1580694341,"type":"sell","price":40470.00001,"amount":0.02511948},{"tid":5598041,"date":1580694350,"type":"buy","price":40500,"amount":0.00024691},{"tid":5598042,"date":1580694399,"type":"sell","price":40470.00001,"amount":0.02133585},{"tid":5598043,"date":1580694408,"type":"sell","price":40470.00001,"amount":0.00461},{"tid":5598044,"date":1580694413,"type":"sell","price":40470.01,"amount":0.002471},{"tid":5598045,"date":1580694413,"type":"sell","price":40470.00001,"amount":0.1},{"tid":5598046,"date":1580694413,"type":"sell","price":40470,"amount":0.003},{"tid":5598047,"date":1580694413,"type":"sell","price":40450,"amount":0.041549},{"tid":5598048,"date":1580694423,"type":"sell","price":40450.00002,"amount":0.00231253},{"tid":5598049,"date":1580694431,"type":"sell","price":40450.00001,"amount":0.00205},{"tid":5598050,"date":1580694431,"type":"buy","price":40500,"amount":0.0048079},{"tid":5598051,"date":1580694444,"type":"sell","price":40450.00001,"amount":0.01333},{"tid":5598052,"date":1580694492,"type":"sell","price":40450.00001,"amount":0.1},{"tid":5598053,"date":1580694492,"type":"sell","price":40450,"amount":0.0112},{"tid":5598054,"date":1580694501,"type":"buy","price":40500,"amount":0.98072338},{"tid":5598055,"date":1580694501,"type":"buy","price":40500,"amount":0.01},{"tid":5598056,"date":1580694501,"type":"buy","price":40500,"amount":0.00124468},{"tid":5598057,"date":1580694501,"type":"buy","price":40500,"amount":0.00296802},{"tid":5598058,"date":1580694501,"type":"buy","price":40500,"amount":0.01247132},{"tid":5598059,"date":1580694501,"type":"sell","price":40470.00001,"amount":0.077},{"tid":5598060,"date":1580694506,"type":"sell","price":40470.00002,"amount":0.00289307},{"tid":5598061,"date":1580694516,"type":"sell","price":40470.00001,"amount":0.001},{"tid":5598062,"date":1580694524,"type":"sell","price":40470.00001,"amount":0.00685361},{"tid":5598063,"date":1580694532,"type":"buy","price":40500,"amount":0.00040932},{"tid":5598064,"date":1580694532,"type":"buy","price":40500,"amount":0.09835611},{"tid":5598065,"date":1580694535,"type":"sell","price":40470.00001,"amount":0.0023928},{"tid":5598066,"date":1580694552,"type":"sell","price":40470.00001,"amount":0.00430008},{"tid":5598067,"date":1580694587,"type":"buy","price":40499.99,"amount":0.00753654},{"tid":5598068,"date":1580694603,"type":"sell","price":40470,"amount":0.00685361},{"tid":5598069,"date":1580694635,"type":"sell","price":40470,"amount":0.00779},{"tid":5598070,"date":1580694651,"type":"sell","price":40470,"amount":0.007},{"tid":5598071,"date":1580694652,"type":"buy","price":40499.99,"amount":0.00180913},{"tid":5598072,"date":1580694656,"type":"sell","price":40470,"amount":0.0577},{"tid":5598073,"date":1580694657,"type":"buy","price":40500,"amount":0.00518518},{"tid":5598074,"date":1580694679,"type":"sell","price":40499.98,"amount":0.015},{"tid":5598075,"date":1580694682,"type":"sell","price":40499.98,"amount":0.03129059},{"tid":5598076,"date":1580694684,"type":"sell","price":40499.98,"amount":0.001},{"tid":5598077,"date":1580694685,"type":"sell","price":40499.98,"amount":0.0272},{"tid":5598078,"date":1580694689,"type":"sell","price":40499.98,"amount":0.0037},{"tid":5598079,"date":1580694713,"type":"sell","price":40499.98,"amount":0.00712},{"tid":5598080,"date":1580694740,"type":"sell","price":40499.98001,"amount":0.00993015},{"tid":5598081,"date":1580694745,"type":"buy","price":40500,"amount":0.248385},{"tid":5598082,"date":1580694746,"type":"sell","price":40499.98003,"amount":0.0347},{"tid":5598083,"date":1580694756,"type":"sell","price":40499.98,"amount":0.005},{"tid":5598084,"date":1580694774,"type":"sell","price":40499.98,"amount":0.001},{"tid":5598085,"date":1580694785,"type":"sell","price":40499.98,"amount":0.00123692},{"tid":5598086,"date":1580694790,"type":"buy","price":40500,"amount":0.04879074},{"tid":5598087,"date":1580694790,"type":"buy","price":40500,"amount":0.00726294},{"tid":5598088,"date":1580694790,"type":"buy","price":40500,"amount":0.02991},{"tid":5598089,"date":1580694790,"type":"buy","price":40500,"amount":0.00542301},{"tid":5598090,"date":1580694790,"type":"buy","price":40500,"amount":0.035},{"tid":5598091,"date":1580694790,"type":"buy","price":40500,"amount":0.00544364},{"tid":5598092,"date":1580694790,"type":"buy","price":40500.05,"amount":0.01259224},{"tid":5598093,"date":1580694790,"type":"buy","price":40501,"amount":0.00423734},{"tid":5598094,"date":1580694848,"type":"sell","price":40501,"amount":0.00119},{"tid":5598095,"date":1580694861,"type":"sell","price":40501,"amount":0.0044},{"tid":5598096,"date":1580694914,"type":"sell","price":40501,"amount":0.02634498},{"tid":5598097,"date":1580694939,"type":"sell","price":40501,"amount":0.0063149},{"tid":5598098,"date":1580694943,"type":"sell","price":40501,"amount":0.00280369},{"tid":5598099,"date":1580694980,"type":"sell","price":40501,"amount":0.02958826},{"tid":5598100,"date":1580695024,"type":"sell","price":40501,"amount":0.025},{"tid":5598101,"date":1580695052,"type":"sell","price":40501,"amount":0.001},{"tid":5598102,"date":1580695060,"type":"buy","price":40501.01,"amount":0.12615784},{"tid":5598103,"date":1580695078,"type":"sell","price":40501,"amount":0.00124875},{"tid":5598104,"date":1580695095,"type":"sell","price":40501,"amount":0.0045},{"tid":5598105,"date":1580695106,"type":"sell","price":40501,"amount":0.12735307},{"tid":5598106,"date":1580695129,"type":"sell","price":40501,"amount":0.0023},{"tid":5598107,"date":1580695166,"type":"buy","price":40501.01,"amount":0.00030986},{"tid":5598108,"date":1580695169,"type":"sell","price":40501,"amount":0.01498},{"tid":5598109,"date":1580695171,"type":"buy","price":40501.01,"amount":0.00123453},{"tid":5598110,"date":1580695181,"type":"buy","price":40501.01,"amount":0.00251845},{"tid":5598111,"date":1580695187,"type":"buy","price":40501.01,"amount":0.00098762},{"tid":5598112,"date":1580695190,"type":"buy","price":40501.01,"amount":0.0383783},{"tid":5598113,"date":1580695230,"type":"sell","price":40501,"amount":0.00157131},{"tid":5598114,"date":1580695230,"type":"sell","price":40501,"amount":0.00436768},{"tid":5598115,"date":1580695232,"type":"buy","price":40501.01,"amount":0.00098762},{"tid":5598116,"date":1580695237,"type":"buy","price":40501.01,"amount":0.00074072},{"tid":5598117,"date":1580695239,"type":"sell","price":40501,"amount":0.01},{"tid":5598118,"date":1580695250,"type":"sell","price":40501,"amount":0.07786584},{"tid":5598119,"date":1580695251,"type":"sell","price":40500,"amount":0.01996},{"tid":5598120,"date":1580695252,"type":"sell","price":40500,"amount":0.13004},{"tid":5598121,"date":1580695252,"type":"sell","price":40500,"amount":0.00766049},{"tid":5598122,"date":1580695253,"type":"sell","price":40499.98,"amount":0.03195872},{"tid":5598123,"date":1580695261,"type":"sell","price":40492,"amount":0.01996},{"tid":5598124,"date":1580695263,"type":"sell","price":40492,"amount":0.21067963},{"tid":5598125,"date":1580695263,"type":"sell","price":40445,"amount":0.1155},{"tid":5598126,"date":1580695263,"type":"sell","price":40305.09001,"amount":0.22344863},{"tid":5598127,"date":1580695269,"type":"sell","price":40305.09004,"amount":0.04962151},{"tid":5598128,"date":1580695269,"type":"sell","price":40305.09001,"amount":0.02460316},{"tid":5598129,"date":1580695269,"type":"sell","price":40305.09,"amount":0.011634},{"tid":5598130,"date":1580695269,"type":"sell","price":40300,"amount":0.07414133},{"tid":5598131,"date":1580695270,"type":"sell","price":40300,"amount":0.022047},{"tid":5598132,"date":1580695270,"type":"sell","price":40289,"amount":0.01},{"tid":5598133,"date":1580695270,"type":"sell","price":40286.05,"amount":0.107716},{"tid":5598134,"date":1580695270,"type":"sell","price":40265.42026,"amount":0.0012399},{"tid":5598135,"date":1580695270,"type":"sell","price":40264.29,"amount":0.023269},{"tid":5598136,"date":1580695271,"type":"buy","price":40259.7,"amount":0.003},{"tid":5598137,"date":1580695280,"type":"sell","price":40250,"amount":0.01180321},{"tid":5598138,"date":1580695283,"type":"sell","price":40250,"amount":0.00106908},{"tid":5598139,"date":1580695283,"type":"sell","price":40250,"amount":0.01220149},{"tid":5598140,"date":1580695283,"type":"sell","price":40245.27,"amount":0.13477849},{"tid":5598141,"date":1580695289,"type":"buy","price":40305.04999,"amount":0.00074432},{"tid":5598142,"date":1580695290,"type":"buy","price":40305.04999,"amount":0.01149409},{"tid":5598143,"date":1580695290,"type":"sell","price":40245.27,"amount":0.01711941},{"tid":5598144,"date":1580695294,"type":"sell","price":40259.69,"amount":0.05},{"tid":5598145,"date":1580695294,"type":"sell","price":40245.27,"amount":0.01242197},{"tid":5598146,"date":1580695303,"type":"sell","price":40245.27,"amount":0.00124275},{"tid":5598147,"date":1580695304,"type":"sell","price":40245.27,"amount":0.04986838},{"tid":5598148,"date":1580695309,"type":"buy","price":40205.02,"amount":0.05056582},{"tid":5598149,"date":1580695329,"type":"sell","price":40203.53,"amount":0.00651757},{"tid":5598150,"date":1580695336,"type":"sell","price":40203.53,"amount":0.013},{"tid":5598151,"date":1580695344,"type":"sell","price":40200,"amount":0.03405074},{"tid":5598152,"date":1580695344,"type":"sell","price":40200,"amount":0.08048243},{"tid":5598153,"date":1580695346,"type":"sell","price":40200,"amount":0.00124367},{"tid":5598154,"date":1580695354,"type":"buy","price":40202.99,"amount":0.00095764},{"tid":5598155,"date":1580695356,"type":"buy","price":40202.99,"amount":0.03825038},{"tid":5598156,"date":1580695362,"type":"buy","price":40203,"amount":0.00024873},{"tid":5598157,"date":1580695370,"type":"buy","price":40305.04992,"amount":0.00099243},{"tid":5598158,"date":1580695370,"type":"sell","price":40200,"amount":0.0182739},{"tid":5598159,"date":1580695370,"type":"sell","price":40116.3245,"amount":0.0040261},{"tid":5598160,"date":1580695371,"type":"sell","price":40116.3245,"amount":0.04248414},{"tid":5598161,"date":1580695371,"type":"sell","price":40115.2135,"amount":0.00995532},{"tid":5598162,"date":1580695371,"type":"sell","price":40110,"amount":0.07981002},{"tid":5598163,"date":1580695375,"type":"sell","price":40101.99,"amount":0.02262506},{"tid":5598164,"date":1580695375,"type":"sell","price":40101,"amount":0.02},{"tid":5598165,"date":1580695375,"type":"sell","price":40100.01,"amount":0.05415594},{"tid":5598166,"date":1580695379,"type":"buy","price":40110,"amount":0.00522712},{"tid":5598167,"date":1580695383,"type":"buy","price":40110,"amount":0.0170234},{"tid":5598168,"date":1580695383,"type":"buy","price":40110,"amount":0.00790803},{"tid":5598169,"date":1580695389,"type":"buy","price":40110,"amount":0.00099725},{"tid":5598170,"date":1580695398,"type":"buy","price":40110,"amount":0.00199451},{"tid":5598171,"date":1580695402,"type":"sell","price":40100.01,"amount":0.00124688},{"tid":5598172,"date":1580695406,"type":"buy","price":40110,"amount":0.14360021},{"tid":5598173,"date":1580695406,"type":"buy","price":40305.04984,"amount":0.04855466},{"tid":5598174,"date":1580695406,"type":"buy","price":40441.99999,"amount":0.24767972},{"tid":5598175,"date":1580695406,"type":"buy","price":40442,"amount":0.02},{"tid":5598176,"date":1580695406,"type":"buy","price":40445,"amount":0.24},{"tid":5598177,"date":1580695406,"type":"buy","price":40499.03,"amount":0.00997},{"tid":5598178,"date":1580695406,"type":"buy","price":40499.98,"amount":0.0484863},{"tid":5598179,"date":1580695439,"type":"buy","price":40499.96,"amount":0.00962963},{"tid":5598180,"date":1580695441,"type":"sell","price":40130.00004,"amount":0.00266},{"tid":5598181,"date":1580695451,"type":"sell","price":40131,"amount":0.0011},{"tid":5598182,"date":1580695452,"type":"sell","price":40131,"amount":0.00091},{"tid":5598183,"date":1580695452,"type":"sell","price":40130.00003,"amount":0.04988937},{"tid":5598184,"date":1580695452,"type":"sell","price":40130,"amount":0.01274208},{"tid":5598185,"date":1580695494,"type":"sell","price":40131.00001,"amount":0.24652388},{"tid":5598186,"date":1580695494,"type":"sell","price":40130,"amount":0.09628763},{"tid":5598187,"date":1580695542,"type":"sell","price":40150,"amount":0.02},{"tid":5598188,"date":1580695542,"type":"sell","price":40150,"amount":0.06663038},{"tid":5598189,"date":1580695542,"type":"sell","price":40130,"amount":0.16197029},{"tid":5598190,"date":1580695542,"type":"sell","price":40130,"amount":0.01579765},{"tid":5598191,"date":1580695542,"type":"sell","price":40130,"amount":0.02491876},{"tid":5598192,"date":1580695550,"type":"buy","price":40130,"amount":0.00049838},{"tid":5598193,"date":1580695559,"type":"buy","price":40130,"amount":0.1993521},{"tid":5598194,"date":1580695561,"type":"buy","price":40130,"amount":0.00049838},{"tid":5598195,"date":1580695567,"type":"buy","price":40130,"amount":0.00049838},{"tid":5598196,"date":1580695573,"type":"buy","price":40130,"amount":0.00049838},{"tid":5598197,"date":1580695579,"type":"buy","price":40130,"amount":0.00049838},{"tid":5598198,"date":1580695584,"type":"buy","price":40130,"amount":0.00049838},{"tid":5598199,"date":1580695588,"type":"buy","price":40130,"amount":0.00486543},{"tid":5598200,"date":1580695590,"type":"buy","price":40130,"amount":0.00074757},{"tid":5598201,"date":1580695596,"type":"buy","price":40130,"amount":0.00099676},{"tid":5598202,"date":1580695602,"type":"buy","price":40405.77926,"amount":0.00098995},{"tid":5598203,"date":1580695605,"type":"buy","price":40405.75919,"amount":0.00739523},{"tid":5598204,"date":1580695618,"type":"buy","price":40129.23,"amount":0.03954149},{"tid":5598205,"date":1580695622,"type":"buy","price":40129.23,"amount":0.0063288},{"tid":5598206,"date":1580695623,"type":"buy","price":40129.23,"amount":0.00049838},{"tid":5598207,"date":1580695629,"type":"buy","price":40125,"amount":0.00049844},{"tid":5598208,"date":1580695635,"type":"buy","price":40125,"amount":0.00074766},{"tid":5598209,"date":1580695653,"type":"buy","price":40125,"amount":0.0047539},{"tid":5598210,"date":1580695653,"type":"buy","price":40400.73942,"amount":0.04142935},{"tid":5598211,"date":1580695653,"type":"buy","price":40400.73949,"amount":0.2488101},{"tid":5598212,"date":1580695653,"type":"buy","price":40400.7395,"amount":0.2},{"tid":5598213,"date":1580695653,"type":"buy","price":40400.78,"amount":0.50500665},{"tid":5598214,"date":1580695669,"type":"buy","price":40400.15,"amount":0.07425715},{"tid":5598215,"date":1580695751,"type":"buy","price":40395.05,"amount":0.00025993},{"tid":5598216,"date":1580695763,"type":"sell","price":40150.00007,"amount":0.2490659},{"tid":5598217,"date":1580695763,"type":"sell","price":40150.00006,"amount":0.05005148},{"tid":5598218,"date":1580695763,"type":"sell","price":40150,"amount":0.00088929},{"tid":5598219,"date":1580695782,"type":"buy","price":40394.89967,"amount":0.00256972},{"tid":5598220,"date":1580695837,"type":"sell","price":40150.00003,"amount":0.00258152},{"tid":5598221,"date":1580695837,"type":"sell","price":40150,"amount":0.01823987},{"tid":5598222,"date":1580695838,"type":"buy","price":40394.67896,"amount":0.00026117},{"tid":5598223,"date":1580695874,"type":"buy","price":40390.10991,"amount":0.00605163},{"tid":5598224,"date":1580695875,"type":"buy","price":40390.08991,"amount":0.00024758},{"tid":5598225,"date":1580695897,"type":"buy","price":40380.08987,"amount":0.00047052},{"tid":5598226,"date":1580695936,"type":"sell","price":40150.00001,"amount":0.00131655},{"tid":5598227,"date":1580695960,"type":"buy","price":40299.66952,"amount":0.13941826},{"tid":5598228,"date":1580695968,"type":"buy","price":40299.64945,"amount":0.00771718},{"tid":5598229,"date":1580696029,"type":"buy","price":40299.41865,"amount":0.00049628},{"tid":5598230,"date":1580696039,"type":"buy","price":40299.41864,"amount":0.00049628},{"tid":5598231,"date":1580696046,"type":"buy","price":40299.40853,"amount":0.00049628},{"tid":5598232,"date":1580696052,"type":"buy","price":40299.40845,"amount":0.00074442},{"tid":5598233,"date":1580696054,"type":"sell","price":40162,"amount":0.0029},{"tid":5598234,"date":1580696054,"type":"sell","price":40155.00004,"amount":0.0024},{"tid":5598235,"date":1580696079,"type":"buy","price":40299.23809,"amount":0.00074443},{"tid":5598236,"date":1580696083,"type":"sell","price":40155.00004,"amount":0.05691},{"tid":5598237,"date":1580696105,"type":"buy","price":40299.13773,"amount":0.00027097},{"tid":5598238,"date":1580696126,"type":"buy","price":40299.01742,"amount":0.0005211},{"tid":5598239,"date":1580696133,"type":"buy","price":40298.99733,"amount":0.00091441},{"tid":5598240,"date":1580696215,"type":"sell","price":40155.00004,"amount":0.0054},{"tid":5598241,"date":1580696240,"type":"buy","price":40298.99,"amount":0.00049629},{"tid":5598242,"date":1580696250,"type":"buy","price":40298.99,"amount":0.00074443},{"tid":5598243,"date":1580696251,"type":"sell","price":40155.00004,"amount":0.00177875},{"tid":5598244,"date":1580696255,"type":"sell","price":40298.98,"amount":0.00394749},{"tid":5598245,"date":1580696265,"type":"buy","price":40294.99993,"amount":0.00024816},{"tid":5598246,"date":1580696271,"type":"buy","price":40294.99993,"amount":0.00049633},{"tid":5598247,"date":1580696287,"type":"buy","price":40294.98983,"amount":0.00027298},{"tid":5598248,"date":1580696295,"type":"buy","price":40294.98983,"amount":0.03910729},{"tid":5598249,"date":1580696295,"type":"buy","price":40295,"amount":0.01709457},{"tid":5598250,"date":1580696295,"type":"buy","price":40298.99,"amount":0.00137981},{"tid":5598251,"date":1580696295,"type":"buy","price":40299.17,"amount":0.005},{"tid":5598252,"date":1580696295,"type":"buy","price":40400.04931,"amount":0.15665316},{"tid":5598253,"date":1580696306,"type":"buy","price":40294.98,"amount":0.00024816},{"tid":5598254,"date":1580696313,"type":"buy","price":40294.97,"amount":0.00024816},{"tid":5598255,"date":1580696347,"type":"sell","price":40155.10024,"amount":0.02249689},{"tid":5598256,"date":1580696364,"type":"sell","price":40155.14033,"amount":0.00111278},{"tid":5598257,"date":1580696449,"type":"sell","price":40155.38094,"amount":0.05008553},{"tid":5598258,"date":1580696449,"type":"sell","price":40155.3809,"amount":0.20116447},{"tid":5598259,"date":1580696489,"type":"sell","price":40156.00001,"amount":0.0366755},{"tid":5598260,"date":1580696489,"type":"sell","price":40156,"amount":0.0133891},{"tid":5598261,"date":1580696524,"type":"buy","price":40399.218,"amount":0.00373769},{"tid":5598262,"date":1580696605,"type":"sell","price":40156.02,"amount":0.00962388},{"tid":5598263,"date":1580696621,"type":"sell","price":40156.02,"amount":0.00273747},{"tid":5598264,"date":1580696631,"type":"buy","price":40398.75597,"amount":0.0500104},{"tid":5598265,"date":1580696631,"type":"buy","price":40398.75603,"amount":0.24927464},{"tid":5598266,"date":1580696631,"type":"buy","price":40398.75604,"amount":0.14543162},{"tid":5598267,"date":1580696655,"type":"sell","price":40156.10017,"amount":0.05023714},{"tid":5598268,"date":1580696655,"type":"sell","price":40156.08017,"amount":0.15676286},{"tid":5598269,"date":1580696663,"type":"sell","price":40156.12018,"amount":0.001},{"tid":5598270,"date":1580696667,"type":"sell","price":40156.12018,"amount":0.00974605},{"tid":5598271,"date":1580696669,"type":"buy","price":40156.08,"amount":0.0029011},{"tid":5598272,"date":1580696670,"type":"buy","price":40398.66476,"amount":0.00250008},{"tid":5598273,"date":1580696697,"type":"buy","price":40398.57457,"amount":0.00126836},{"tid":5598274,"date":1580696699,"type":"sell","price":40156.20033,"amount":0.0099},{"tid":5598275,"date":1580696816,"type":"sell","price":40200.00004,"amount":0.00140876},{"tid":5598276,"date":1580696843,"type":"sell","price":40200.00004,"amount":0.08002144},{"tid":5598277,"date":1580696843,"type":"sell","price":40200.00003,"amount":0.00378137},{"tid":5598278,"date":1580696843,"type":"sell","price":40200,"amount":0.06129719},{"tid":5598279,"date":1580696923,"type":"sell","price":40200,"amount":0.00125345},{"tid":5598280,"date":1580696970,"type":"buy","price":40300,"amount":0.00868486},{"tid":5598281,"date":1580697141,"type":"sell","price":40200,"amount":0.00120671},{"tid":5598282,"date":1580697207,"type":"buy","price":40300,"amount":0.09131514},{"tid":5598283,"date":1580697207,"type":"buy","price":40347.98,"amount":0.002},{"tid":5598284,"date":1580697207,"type":"buy","price":40350,"amount":0.03071385},{"tid":5598285,"date":1580697236,"type":"buy","price":40349.98985,"amount":0.00024783},{"tid":5598286,"date":1580697245,"type":"buy","price":40349.97983,"amount":0.00024783},{"tid":5598287,"date":1580697380,"type":"sell","price":40200,"amount":0.00204263},{"tid":5598288,"date":1580697535,"type":"buy","price":40349.66696,"amount":0.00223726},{"tid":5598289,"date":1580697592,"type":"sell","price":40200.00003,"amount":0.00273898},{"tid":5598290,"date":1580697592,"type":"sell","price":40200,"amount":0.02926102},{"tid":5598291,"date":1580697707,"type":"sell","price":40200,"amount":0.05516},{"tid":5598292,"date":1580697861,"type":"sell","price":40200,"amount":0.001},{"tid":5598293,"date":1580697863,"type":"sell","price":40200,"amount":0.0055843},{"tid":5598294,"date":1580697940,"type":"buy","price":40329.82806,"amount":0.00371933},{"tid":5598295,"date":1580698052,"type":"sell","price":40200.00003,"amount":0.00372574},{"tid":5598296,"date":1580698052,"type":"sell","price":40200,"amount":0.0254586},{"tid":5598297,"date":1580698063,"type":"sell","price":40200,"amount":0.0028},{"tid":5598298,"date":1580698080,"type":"buy","price":40329.71693,"amount":0.00027699},{"tid":5598299,"date":1580698134,"type":"buy","price":40329.66581,"amount":0.0003187},{"tid":5598300,"date":1580698202,"type":"sell","price":40200,"amount":0.00121152},{"tid":5598301,"date":1580698360,"type":"sell","price":40200,"amount":0.00126397},{"tid":5598302,"date":1580698494,"type":"sell","price":40200,"amount":0.0214},{"tid":5598303,"date":1580698572,"type":"sell","price":40200,"amount":0.05291283},{"tid":5598304,"date":1580698760,"type":"sell","price":40200,"amount":0.004},{"tid":5598305,"date":1580698984,"type":"sell","price":40326.39,"amount":0.00174029},{"tid":5598306,"date":1580699010,"type":"sell","price":40325,"amount":0.002},{"tid":5598307,"date":1580699053,"type":"sell","price":40326,"amount":0.0015},{"tid":5598308,"date":1580699053,"type":"sell","price":40325,"amount":0.31849999},{"tid":5598309,"date":1580699158,"type":"sell","price":40325,"amount":0.01264441},{"tid":5598310,"date":1580699232,"type":"sell","price":40325,"amount":0.00575},{"tid":5598311,"date":1580699370,"type":"sell","price":40325,"amount":0.33142141},{"tid":5598312,"date":1580699498,"type":"sell","price":40325,"amount":0.00908255},{"tid":5598313,"date":1580699587,"type":"sell","price":40325,"amount":0.20568895},{"tid":5598314,"date":1580699588,"type":"sell","price":40325,"amount":0.21771149},{"tid":5598315,"date":1580699746,"type":"sell","price":40325,"amount":0.00167261},{"tid":5598316,"date":1580699746,"type":"sell","price":40325,"amount":0.00132739},{"tid":5598317,"date":1580699837,"type":"sell","price":40325,"amount":0.00746417},{"tid":5598318,"date":1580699837,"type":"sell","price":40325,"amount":0.02008679},{"tid":5598319,"date":1580699837,"type":"sell","price":40200,"amount":0.00248756},{"tid":5598320,"date":1580699837,"type":"sell","price":40200,"amount":0.10526517},{"tid":5598321,"date":1580699837,"type":"sell","price":40200,"amount":0.03765049},{"tid":5598322,"date":1580699837,"type":"sell","price":40156,"amount":0.02659595},{"tid":5598323,"date":1580699837,"type":"sell","price":40155,"amount":0.12451749},{"tid":5598324,"date":1580699837,"type":"sell","price":40151.03,"amount":0.1},{"tid":5598325,"date":1580699837,"type":"sell","price":40150,"amount":0.00714032},{"tid":5598326,"date":1580699837,"type":"sell","price":40150,"amount":0.00129},{"tid":5598327,"date":1580699837,"type":"sell","price":40150,"amount":0.1},{"tid":5598328,"date":1580699837,"type":"sell","price":40150,"amount":0.25},{"tid":5598329,"date":1580699837,"type":"sell","price":40125,"amount":0.00422978},{"tid":5598330,"date":1580699837,"type":"sell","price":40120,"amount":0.15},{"tid":5598331,"date":1580699837,"type":"sell","price":40119.77,"amount":0.01493},{"tid":5598332,"date":1580699837,"type":"sell","price":40118.8533,"amount":0.00121214},{"tid":5598333,"date":1580699837,"type":"sell","price":40118.63,"amount":0.00207783},{"tid":5598334,"date":1580699837,"type":"sell","price":40112,"amount":0.08964424},{"tid":5598335,"date":1580699837,"type":"sell","price":40110,"amount":0.65690111},{"tid":5598336,"date":1580699843,"type":"sell","price":40110,"amount":0.01646},{"tid":5598337,"date":1580699871,"type":"sell","price":40110,"amount":0.00521},{"tid":5598338,"date":1580700092,"type":"sell","price":40110,"amount":0.00809},{"tid":5598339,"date":1580700178,"type":"buy","price":40306.84986,"amount":0.01172455},{"tid":5598340,"date":1580700325,"type":"buy","price":40304.58,"amount":0.00140381},{"tid":5598341,"date":1580700417,"type":"sell","price":40110.77,"amount":0.00509},{"tid":5598342,"date":1580700461,"type":"buy","price":40198.87,"amount":0.00100043},{"tid":5598343,"date":1580700528,"type":"buy","price":40195.37,"amount":0.039906},{"tid":5598344,"date":1580700528,"type":"buy","price":40195.42,"amount":0.0301575},{"tid":5598345,"date":1580700636,"type":"sell","price":40110.77,"amount":0.00164},{"tid":5598346,"date":1580700636,"type":"sell","price":40110.01,"amount":0.00043},{"tid":5598347,"date":1580700647,"type":"buy","price":40195.69,"amount":0.02487828},{"tid":5598348,"date":1580700755,"type":"sell","price":40110.01,"amount":0.0075443},{"tid":5598349,"date":1580700765,"type":"sell","price":40110.01,"amount":0.0186},{"tid":5598350,"date":1580700866,"type":"sell","price":40110.01,"amount":0.00440654},{"tid":5598351,"date":1580701108,"type":"sell","price":40110.01,"amount":0.00125003},{"tid":5598352,"date":1580701130,"type":"sell","price":40110.01,"amount":0.00805134},{"tid":5598353,"date":1580701140,"type":"buy","price":40192.58,"amount":0.00248802},{"tid":5598354,"date":1580701239,"type":"sell","price":40110.01,"amount":0.00902739},{"tid":5598355,"date":1580701502,"type":"buy","price":40192.58,"amount":0.00510044},{"tid":5598356,"date":1580701751,"type":"sell","price":40110.02,"amount":0.01},{"tid":5598357,"date":1580701751,"type":"sell","price":40110.01,"amount":0.0010088},{"tid":5598358,"date":1580701757,"type":"sell","price":40110.01,"amount":0.04548477},{"tid":5598359,"date":1580701818,"type":"buy","price":40189.88,"amount":0.01245039},{"tid":5598360,"date":1580701856,"type":"sell","price":40110.01,"amount":0.01259},{"tid":5598361,"date":1580701888,"type":"buy","price":40189.88,"amount":0.00506595},{"tid":5598362,"date":1580701973,"type":"sell","price":40110.01,"amount":0.01149195},{"tid":5598363,"date":1580701973,"type":"buy","price":40189.88,"amount":0.00248366},{"tid":5598364,"date":1580701982,"type":"sell","price":40189.88,"amount":0.0032011},{"tid":5598365,"date":1580701983,"type":"sell","price":40110.01,"amount":0.03919756},{"tid":5598366,"date":1580701983,"type":"sell","price":40110.01,"amount":0.00481126},{"tid":5598367,"date":1580701983,"type":"sell","price":40110.01,"amount":0.08159266},{"tid":5598368,"date":1580701999,"type":"buy","price":40189.99,"amount":0.00037322},{"tid":5598369,"date":1580702067,"type":"sell","price":40110.01,"amount":0.05008775},{"tid":5598370,"date":1580702092,"type":"sell","price":40110.01,"amount":0.0013},{"tid":5598371,"date":1580702116,"type":"sell","price":40110.01,"amount":0.06203213},{"tid":5598372,"date":1580702168,"type":"sell","price":40110.01,"amount":0.00315014},{"tid":5598373,"date":1580702192,"type":"buy","price":40192.58,"amount":0.0006842},{"tid":5598374,"date":1580702206,"type":"sell","price":40110.01,"amount":0.00132542},{"tid":5598375,"date":1580702326,"type":"sell","price":40110.01,"amount":0.01568},{"tid":5598376,"date":1580702504,"type":"buy","price":40192.59,"amount":0.00033293},{"tid":5598377,"date":1580702605,"type":"sell","price":40110.01,"amount":0.025},{"tid":5598378,"date":1580702742,"type":"sell","price":40110.02001,"amount":0.00249873},{"tid":5598379,"date":1580702823,"type":"buy","price":40279.99975,"amount":0.0012855},{"tid":5598380,"date":1580702833,"type":"buy","price":40279.99975,"amount":0.00819265},{"tid":5598381,"date":1580702839,"type":"sell","price":40110.02001,"amount":0.00136811},{"tid":5598382,"date":1580703008,"type":"sell","price":40110.02001,"amount":0.0019},{"tid":5598383,"date":1580703244,"type":"sell","price":40110.02001,"amount":0.0157797},{"tid":5598384,"date":1580703244,"type":"sell","price":40110.02,"amount":0.0025},{"tid":5598385,"date":1580703257,"type":"buy","price":40110.02,"amount":0.00180877},{"tid":5598386,"date":1580703565,"type":"buy","price":40110.02,"amount":0.00074544},{"tid":5598387,"date":1580703628,"type":"sell","price":40110.01,"amount":0.375},{"tid":5598388,"date":1580703709,"type":"sell","price":40110.01,"amount":0.00499982},{"tid":5598389,"date":1580703813,"type":"buy","price":40110.02,"amount":0.00124657},{"tid":5598390,"date":1580703937,"type":"sell","price":40110.01,"amount":0.0267},{"tid":5598391,"date":1580704043,"type":"sell","price":40110.01,"amount":0.0052},{"tid":5598392,"date":1580704098,"type":"sell","price":40110.01,"amount":0.00107562},{"tid":5598393,"date":1580704195,"type":"buy","price":40110.02,"amount":0.04433829},{"tid":5598394,"date":1580704205,"type":"buy","price":40110.02,"amount":0.00458123},{"tid":5598395,"date":1580704205,"type":"buy","price":40279.111,"amount":0.00040335},{"tid":5598396,"date":1580704287,"type":"sell","price":40110.01,"amount":0.0249},{"tid":5598397,"date":1580704954,"type":"sell","price":40110.01,"amount":0.00510535},{"tid":5598398,"date":1580705046,"type":"sell","price":40110.01,"amount":0.0162},{"tid":5598399,"date":1580705399,"type":"buy","price":40278.22985,"amount":0.15849976},{"tid":5598400,"date":1580705694,"type":"buy","price":40278.00721,"amount":0.00166293},{"tid":5598401,"date":1580705697,"type":"buy","price":40278.00721,"amount":0.04873627},{"tid":5598402,"date":1580705940,"type":"sell","price":40110.01001,"amount":0.09082011},{"tid":5598403,"date":1580705983,"type":"sell","price":40110.01001,"amount":0.00139122},{"tid":5598404,"date":1580706045,"type":"sell","price":40110.01001,"amount":0.06225475},{"tid":5598405,"date":1580706185,"type":"buy","price":40277.55073,"amount":0.19393566},{"tid":5598406,"date":1580706185,"type":"buy","price":40277.55074,"amount":0.04985313},{"tid":5598407,"date":1580706185,"type":"buy","price":40280,"amount":0.03638988},{"tid":5598408,"date":1580706216,"type":"buy","price":40280,"amount":0.00248262},{"tid":5598409,"date":1580706616,"type":"sell","price":40110.0101,"amount":0.00122127},{"tid":5598410,"date":1580706729,"type":"sell","price":40110.11042,"amount":0.0033}]